@inproceedings{cite:SLPA,
  title={Towards linear time overlapping community detection in social networks},
  author={Xie, Jierui and Szymanski, Boleslaw K},
  booktitle={Pacific-Asia Conference on Knowledge Discovery and Data Mining},
  pages={25--36},
  year={2012},
  organization={Springer}
}

@article{cite:faster,
  title={A faster algorithm for betweenness centrality*},
  author={Brandes, Ulrik},
  journal={Journal of mathematical sociology},
  volume={25},
  number={2},
  pages={163--177},
  year={2001},
  publisher={Taylor \& Francis}
}